<?xml version="1.0" encoding="UTF-8"?>
<marc:collection xmlns:marc="http://www.loc.gov/MARC21/slim"
  xmlns:xsi="http://www.w3.org/2001/XMLSchema-instance"
  xsi:schemaLocation="http://www.loc.gov/MARC21/slim
    http://www.loc.gov/standards/marcxml/schema/MARC21slim.xsd">

  <marc:record xmlns:marc="http://www.loc.gov/MARC21/slim">
    <marc:leader>01326cam a22003731  4500</marc:leader>
    <marc:controlfield tag="001">   57023989 </marc:controlfield>
    <marc:controlfield tag="003">DLC</marc:controlfield>
    <marc:controlfield tag="005">20080327080234.0</marc:controlfield>
    <marc:controlfield tag="008">751009s1957    nyu           000 0 eng  </marc:controlfield>
    <marc:datafield tag="010" ind1=" " ind2=" ">
      <marc:subfield code="a">   57023989 </marc:subfield>
    </marc:datafield>
    <marc:datafield tag="035" ind1=" " ind2=" ">
      <marc:subfield code="a">(OCoLC)01689189</marc:subfield>
    </marc:datafield>
    <marc:datafield tag="040" ind1=" " ind2=" ">
      <marc:subfield code="a">DLC</marc:subfield>
      <marc:subfield code="c">MdBJ</marc:subfield>
      <marc:subfield code="d">CU-S</marc:subfield>
      <marc:subfield code="d">DLC</marc:subfield>
    </marc:datafield>
    <marc:datafield tag="050" ind1="0" ind2="0">
      <marc:subfield code="a">PZ3.A93</marc:subfield>
      <marc:subfield code="b">Se48</marc:subfield>
      <marc:subfield code="a">PR4034.S4</marc:subfield>
    </marc:datafield>
    <marc:datafield tag="100" ind1="1" ind2=" ">
      <marc:subfield code="a">Austen, Jane,</marc:subfield>
      <marc:subfield code="d">1775-1817.</marc:subfield>
    </marc:datafield>
    <marc:datafield tag="245" ind1="1" ind2="0">
      <marc:subfield code="a">Sense and sensibility.</marc:subfield>
      <marc:subfield code="c">With a new introd. by Stella Gibbons and illus. by Helen Sewell.</marc:subfield>
    </marc:datafield>
    <marc:datafield tag="260" ind1=" " ind2=" ">
      <marc:subfield code="a">New York,</marc:subfield>
      <marc:subfield code="b">Printed at the Spiral Press for the members of the Limited Editions Club,</marc:subfield>
      <marc:subfield code="c">1957.</marc:subfield>
    </marc:datafield>
    <marc:datafield tag="300" ind1=" " ind2=" ">
      <marc:subfield code="a">xv, 333 p.</marc:subfield>
      <marc:subfield code="b">illus.</marc:subfield>
      <marc:subfield code="c">26 cm.</marc:subfield>
    </marc:datafield>
    <marc:datafield tag="500" ind1=" " ind2=" ">
      <marc:subfield code="a">Limited ed. of 1500 copies, signed by the illustrator.</marc:subfield>
    </marc:datafield>
    <marc:datafield tag="500" ind1=" " ind2=" ">
      <marc:subfield code="a">Printed by Joseph Blumenthal.</marc:subfield>
    </marc:datafield>
    <marc:datafield tag="500" ind1=" " ind2=" ">
      <marc:subfield code="a">Issued in a slipcase.</marc:subfield>
    </marc:datafield>
    <marc:datafield tag="650" ind1=" " ind2="0">
      <marc:subfield code="a">Inheritance and succession</marc:subfield>
      <marc:subfield code="v">Fiction.</marc:subfield>
    </marc:datafield>
    <marc:datafield tag="650" ind1=" " ind2="0">
      <marc:subfield code="a">Social classes</marc:subfield>
      <marc:subfield code="v">Fiction.</marc:subfield>
    </marc:datafield>
    <marc:datafield tag="650" ind1=" " ind2="0">
      <marc:subfield code="a">Young women</marc:subfield>
      <marc:subfield code="x">Fiction.</marc:subfield>
    </marc:datafield>
    <marc:datafield tag="650" ind1=" " ind2="0">
      <marc:subfield code="a">Sisters</marc:subfield>
      <marc:subfield code="x">Fiction.</marc:subfield>
    </marc:datafield>
    <marc:datafield tag="651" ind1=" " ind2="0">
      <marc:subfield code="a">England</marc:subfield>
      <marc:subfield code="x">Fiction.</marc:subfield>
    </marc:datafield>
    <marc:datafield tag="655" ind1=" " ind2="7">
      <marc:subfield code="a">Domestic fiction.</marc:subfield>
      <marc:subfield code="2">lcsh</marc:subfield>
    </marc:datafield>
    <marc:datafield tag="655" ind1=" " ind2="7">
      <marc:subfield code="a">Love stories.</marc:subfield>
      <marc:subfield code="2">gsafd</marc:subfield>
    </marc:datafield>
    <marc:datafield tag="700" ind1="1" ind2=" ">
      <marc:subfield code="a">Gibbons, Stella,</marc:subfield>
      <marc:subfield code="d">1902-1989.</marc:subfield>
    </marc:datafield>
    <marc:datafield tag="700" ind1="1" ind2=" ">
      <marc:subfield code="a">Sewell, Helen,</marc:subfield>
      <marc:subfield code="d">1896-</marc:subfield>
      <marc:subfield code="e">ill.</marc:subfield>
    </marc:datafield>
    <marc:datafield tag="700" ind1="1" ind2=" ">
      <marc:subfield code="a">Blumenthal, Joseph,</marc:subfield>
      <marc:subfield code="d">1897-1990,</marc:subfield>
      <marc:subfield code="e">printer.</marc:subfield>
    </marc:datafield>
    <marc:datafield tag="710" ind1="2" ind2=" ">
      <marc:subfield code="a">Limited Editions Club,</marc:subfield>
      <marc:subfield code="e">publisher.</marc:subfield>
    </marc:datafield>
    <marc:datafield tag="710" ind1="2" ind2=" ">
      <marc:subfield code="a">Spiral Press,</marc:subfield>
      <marc:subfield code="e">printer.</marc:subfield>
    </marc:datafield>
    <marc:datafield tag="951" ind1=" " ind2=" ">
      <marc:subfield code="a">DLC</marc:subfield>
    </marc:datafield>
    <marc:datafield tag="979" ind1=" " ind2=" ">
      <marc:subfield code="a">AAM</marc:subfield>
      <marc:subfield code="b">245c Introduction, etc.</marc:subfield>
      <marc:subfield code="c">112</marc:subfield>
    </marc:datafield>
  </marc:record>