
  <marc:record xmlns:marc="http://www.loc.gov/MARC21/slim">
    <marc:leader>04351cgm a2200865Ia 4500</marc:leader>
    <marc:controlfield tag="001">442939</marc:controlfield>
    <marc:controlfield tag="005">20180323082757.0</marc:controlfield>
    <marc:controlfield tag="007">vd cvaizq </marc:controlfield>
    <marc:controlfield tag="008">040826s2004    xxu265            vleng d</marc:controlfield>
    <marc:datafield tag="020" ind1=" " ind2=" ">
      <marc:subfield code="a">079077027X</marc:subfield>
    </marc:datafield>
    <marc:datafield tag="024" ind1="1" ind2=" ">
      <marc:subfield code="a">794051168726</marc:subfield>
    </marc:datafield>
    <marc:datafield tag="028" ind1="4" ind2="1">
      <marc:subfield code="a">E1687</marc:subfield>
      <marc:subfield code="b">Warner Home Video</marc:subfield>
    </marc:datafield>
    <marc:datafield tag="035" ind1=" " ind2=" ">
      <marc:subfield code="a">(OCoLC)ocm56360840</marc:subfield>
    </marc:datafield>
    <marc:datafield tag="035" ind1=" " ind2=" ">
      <marc:subfield code="a">(OCoLC)56360840</marc:subfield>
    </marc:datafield>
    <marc:datafield tag="040" ind1=" " ind2=" ">
      <marc:subfield code="a">CO2</marc:subfield>
      <marc:subfield code="c">CO2</marc:subfield>
    </marc:datafield>
    <marc:datafield tag="049" ind1=" " ind2=" ">
      <marc:subfield code="a">IP6A</marc:subfield>
    </marc:datafield>
    <marc:datafield tag="049" ind1=" " ind2=" ">
      <marc:subfield code="a">MR0A</marc:subfield>
    </marc:datafield>
    <marc:datafield tag="099" ind1=" " ind2=" ">
      <marc:subfield code="a">DVD</marc:subfield>
      <marc:subfield code="a">PRI</marc:subfield>
    </marc:datafield>
    <marc:datafield tag="245" ind1="0" ind2="0">
      <marc:subfield code="a">Pride and prejudice</marc:subfield>
      <marc:subfield code="h">[videorecording] :</marc:subfield>
      <marc:subfield code="b">or, First impressions /</marc:subfield>
      <marc:subfield code="c">a BBC TV production in association with Australian Broadcasting Commission ; BBC Worldwide Americas, Inc. ; produced by Jonathan Powell ; dramatized by Fay Weldon ; directed by Cyril Coke.</marc:subfield>
    </marc:datafield>
    <marc:datafield tag="246" ind1="3" ind2="0">
      <marc:subfield code="a">First impressions</marc:subfield>
    </marc:datafield>
    <marc:datafield tag="246" ind1="1" ind2=" ">
      <marc:subfield code="i">Title appears on contianer as:</marc:subfield>
      <marc:subfield code="a">Jane Austen's Pride and Prejudice</marc:subfield>
    </marc:datafield>
    <marc:datafield tag="260" ind1=" " ind2=" ">
      <marc:subfield code="a">[United States] :</marc:subfield>
      <marc:subfield code="b">BBC Video ;</marc:subfield>
      <marc:subfield code="a">Burbank, CA :</marc:subfield>
      <marc:subfield code="b">Warner Home Video,</marc:subfield>
      <marc:subfield code="c">[2004]</marc:subfield>
    </marc:datafield>
    <marc:datafield tag="300" ind1=" " ind2=" ">
      <marc:subfield code="a">1 videodisc (265 min.) :</marc:subfield>
      <marc:subfield code="b">sd., col. ;</marc:subfield>
      <marc:subfield code="c">4 3/4 in.</marc:subfield>
    </marc:datafield>
    <marc:datafield tag="490" ind1="1" ind2=" ">
      <marc:subfield code="a">BBC video classics</marc:subfield>
    </marc:datafield>
    <marc:datafield tag="500" ind1=" " ind2=" ">
      <marc:subfield code="a">Originally broadcast on television in 1985.</marc:subfield>
    </marc:datafield>
    <marc:datafield tag="500" ind1=" " ind2=" ">
      <marc:subfield code="a">Side A contains episodes 1-3 -- Side B contains episodes 4-5.</marc:subfield>
    </marc:datafield>
    <marc:datafield tag="500" ind1=" " ind2=" ">
      <marc:subfield code="a">Based on the novel Pride and Prejudice by Jane Austen.</marc:subfield>
    </marc:datafield>
    <marc:datafield tag="508" ind1=" " ind2=" ">
      <marc:subfield code="a">Film editor, Chris Wimble ; music composed by Wilfred Josephs ; conducted by Marcus Dods ; film cameraman, Paul Wheeler ; film sound recorder, Malcolm Webberley.</marc:subfield>
    </marc:datafield>
    <marc:datafield tag="511" ind1="1" ind2=" ">
      <marc:subfield code="a">Elizabeth Garvie, David Rintoul, Moray Watson, Priscilla Morgan, Sabina Franklyn, Natalie Ogle, Tessa Peake-Jones, Clare Higgins, Osmond Bulock, Marsha Fitzalan.</marc:subfield>
    </marc:datafield>
    <marc:datafield tag="520" ind1=" " ind2=" ">
      <marc:subfield code="a">The story of the lively, precocious and very eligible Bennet girls captures all the nuances of 19th century life among the English gentry, a society obsessed with profitable marriage contracts.</marc:subfield>
    </marc:datafield>
    <marc:datafield tag="538" ind1=" " ind2=" ">
      <marc:subfield code="a">DVD; NTSC; region 1; Dolby Digital; full screen (4:3) presentation.</marc:subfield>
    </marc:datafield>
    <marc:datafield tag="546" ind1=" " ind2=" ">
      <marc:subfield code="a">Closed-captioned.</marc:subfield>
    </marc:datafield>
    <marc:datafield tag="600" ind1="1" ind2="0">
      <marc:subfield code="a">Bennet, Elizabeth</marc:subfield>
      <marc:subfield code="c">(Fictitious character)</marc:subfield>
      <marc:subfield code="v">Drama.</marc:subfield>
    </marc:datafield>
    <marc:datafield tag="600" ind1="1" ind2="0">
      <marc:subfield code="a">Darcy, Fitzwilliam</marc:subfield>
      <marc:subfield code="c">(Fictitious character)</marc:subfield>
      <marc:subfield code="v">Drama.</marc:subfield>
    </marc:datafield>
    <marc:datafield tag="650" ind1=" " ind2="0">
      <marc:subfield code="a">Young women</marc:subfield>
      <marc:subfield code="z">England</marc:subfield>
      <marc:subfield code="v">Drama.</marc:subfield>
    </marc:datafield>
    <marc:datafield tag="650" ind1=" " ind2="0">
      <marc:subfield code="a">Sisters</marc:subfield>
      <marc:subfield code="z">England</marc:subfield>
      <marc:subfield code="v">Drama.</marc:subfield>
    </marc:datafield>
    <marc:datafield tag="650" ind1=" " ind2="0">
      <marc:subfield code="a">Dependents</marc:subfield>
      <marc:subfield code="z">England</marc:subfield>
      <marc:subfield code="v">Drama.</marc:subfield>
    </marc:datafield>
    <marc:datafield tag="650" ind1=" " ind2="0">
      <marc:subfield code="a">Social classes</marc:subfield>
      <marc:subfield code="z">England</marc:subfield>
      <marc:subfield code="v">Drama.</marc:subfield>
    </marc:datafield>
    <marc:datafield tag="650" ind1=" " ind2="0">
      <marc:subfield code="a">Man-woman relationships</marc:subfield>
      <marc:subfield code="z">England</marc:subfield>
      <marc:subfield code="v">Drama.</marc:subfield>
    </marc:datafield>
    <marc:datafield tag="650" ind1=" " ind2="0">
      <marc:subfield code="a">Courtship</marc:subfield>
      <marc:subfield code="z">England</marc:subfield>
      <marc:subfield code="v">Drama.</marc:subfield>
    </marc:datafield>
    <marc:datafield tag="650" ind1=" " ind2="0">
      <marc:subfield code="a">Marriage customs and rites</marc:subfield>
      <marc:subfield code="z">England</marc:subfield>
      <marc:subfield code="v">Drama.</marc:subfield>
    </marc:datafield>
    <marc:datafield tag="651" ind1=" " ind2="0">
      <marc:subfield code="a">England</marc:subfield>
      <marc:subfield code="x">Social life and customs</marc:subfield>
      <marc:subfield code="y">19th century</marc:subfield>
      <marc:subfield code="v">Drama.</marc:subfield>
    </marc:datafield>
    <marc:datafield tag="655" ind1=" " ind2="7">
      <marc:subfield code="a">Melodramas (Motion pictures)</marc:subfield>
      <marc:subfield code="2">lcgft</marc:subfield>
    </marc:datafield>
    <marc:datafield tag="655" ind1=" " ind2="7">
      <marc:subfield code="a">Romance television programs.</marc:subfield>
      <marc:subfield code="2">lcgft</marc:subfield>
    </marc:datafield>
    <marc:datafield tag="655" ind1=" " ind2="7">
      <marc:subfield code="a">Television adaptations.</marc:subfield>
      <marc:subfield code="2">lcgft</marc:subfield>
    </marc:datafield>
    <marc:datafield tag="655" ind1=" " ind2="7">
      <marc:subfield code="a">Television mini-series.</marc:subfield>
      <marc:subfield code="2">lcgft</marc:subfield>
    </marc:datafield>
    <marc:datafield tag="655" ind1=" " ind2="7">
      <marc:subfield code="a">Feature films.</marc:subfield>
      <marc:subfield code="2">lcgft</marc:subfield>
    </marc:datafield>
    <marc:datafield tag="655" ind1=" " ind2="7">
      <marc:subfield code="a">Fiction films.</marc:subfield>
      <marc:subfield code="2">lcgft</marc:subfield>
    </marc:datafield>
    <marc:datafield tag="655" ind1=" " ind2="7">
      <marc:subfield code="a">Film adaptations.</marc:subfield>
      <marc:subfield code="2">lcgft</marc:subfield>
    </marc:datafield>
    <marc:datafield tag="655" ind1=" " ind2="7">
      <marc:subfield code="a">Video recordings for the hearing impaired.</marc:subfield>
      <marc:subfield code="2">lcgft</marc:subfield>
    </marc:datafield>
    <marc:datafield tag="655" ind1=" " ind2="0">
      <marc:subfield code="a">DVDs.</marc:subfield>
    </marc:datafield>
    <marc:datafield tag="700" ind1="1" ind2=" ">
      <marc:subfield code="a">Powell, Jonathan.</marc:subfield>
      <marc:subfield code="4">pro.</marc:subfield>
    </marc:datafield>
    <marc:datafield tag="700" ind1="1" ind2=" ">
      <marc:subfield code="a">Weldon, Fay.</marc:subfield>
      <marc:subfield code="4">aus.</marc:subfield>
    </marc:datafield>
    <marc:datafield tag="700" ind1="1" ind2=" ">
      <marc:subfield code="a">Coke, Cyril.</marc:subfield>
      <marc:subfield code="4">drt.</marc:subfield>
    </marc:datafield>
    <marc:datafield tag="700" ind1="1" ind2=" ">
      <marc:subfield code="a">Garvie, Elizabeth.</marc:subfield>
      <marc:subfield code="4">act.</marc:subfield>
    </marc:datafield>
    <marc:datafield tag="700" ind1="1" ind2=" ">
      <marc:subfield code="a">Rintoul, David.</marc:subfield>
      <marc:subfield code="4">act.</marc:subfield>
    </marc:datafield>
    <marc:datafield tag="700" ind1="1" ind2=" ">
      <marc:subfield code="a">Watson, Moray,</marc:subfield>
      <marc:subfield code="d">1928-</marc:subfield>
      <marc:subfield code="4">act.</marc:subfield>
    </marc:datafield>
    <marc:datafield tag="700" ind1="1" ind2=" ">
      <marc:subfield code="a">Morgan, Priscilla.</marc:subfield>
      <marc:subfield code="c">act.</marc:subfield>
    </marc:datafield>
    <marc:datafield tag="700" ind1="1" ind2=" ">
      <marc:subfield code="a">Peake-Jones, Tessa.</marc:subfield>
      <marc:subfield code="4">act.</marc:subfield>
    </marc:datafield>
    <marc:datafield tag="700" ind1="1" ind2=" ">
      <marc:subfield code="a">Higgins, Clare.</marc:subfield>
      <marc:subfield code="4">act.</marc:subfield>
    </marc:datafield>
    <marc:datafield tag="700" ind1="1" ind2="2">
      <marc:subfield code="a">Austen, Jane,</marc:subfield>
      <marc:subfield code="d">1775-1817.</marc:subfield>
      <marc:subfield code="t">Pride and prejudice.</marc:subfield>
    </marc:datafield>
    <marc:datafield tag="710" ind1="2" ind2=" ">
      <marc:subfield code="a">BBC Video (Firm)</marc:subfield>
    </marc:datafield>
    <marc:datafield tag="710" ind1="2" ind2=" ">
      <marc:subfield code="a">Australian Broadcasting Commission.</marc:subfield>
    </marc:datafield>
    <marc:datafield tag="710" ind1="2" ind2=" ">
      <marc:subfield code="a">Warner Home Video (Firm)</marc:subfield>
    </marc:datafield>
    <marc:datafield tag="830" ind1=" " ind2="0">
      <marc:subfield code="a">BBC classics.</marc:subfield>
    </marc:datafield>
    <marc:datafield tag="852" ind1=" " ind2=" ">
      <marc:subfield code="a">99</marc:subfield>
      <marc:subfield code="b">245</marc:subfield>
      <marc:subfield code="c">250</marc:subfield>
      <marc:subfield code="d">342</marc:subfield>
      <marc:subfield code="e">1</marc:subfield>
      <marc:subfield code="i">Pri</marc:subfield>
      <marc:subfield code="m">"G"</marc:subfield>
      <marc:subfield code="o">99</marc:subfield>
      <marc:subfield code="p">30183047965676</marc:subfield>
      <marc:subfield code="r">23</marc:subfield>
      <marc:subfield code="u">23</marc:subfield>
      <marc:subfield code="w">23</marc:subfield>
      <marc:subfield code="x">B372</marc:subfield>
      <marc:subfield code="y">2</marc:subfield>
      <marc:subfield code="0">24.95</marc:subfield>
      <marc:subfield code="j">3</marc:subfield>
      <marc:subfield code="4">1</marc:subfield>
      <marc:subfield code="5">1</marc:subfield>
      <marc:subfield code="7">1</marc:subfield>
    </marc:datafield>
    <marc:datafield tag="852" ind1=" " ind2=" ">
      <marc:subfield code="a">21</marc:subfield>
      <marc:subfield code="b">239</marc:subfield>
      <marc:subfield code="d">342</marc:subfield>
      <marc:subfield code="e">1</marc:subfield>
      <marc:subfield code="i">PRI</marc:subfield>
      <marc:subfield code="o">21</marc:subfield>
      <marc:subfield code="p">30183048984593</marc:subfield>
      <marc:subfield code="r">23</marc:subfield>
      <marc:subfield code="u">23</marc:subfield>
      <marc:subfield code="w">23</marc:subfield>
      <marc:subfield code="y">2</marc:subfield>
      <marc:subfield code="1">DONATION</marc:subfield>
      <marc:subfield code="j">3</marc:subfield>
      <marc:subfield code="4">1</marc:subfield>
      <marc:subfield code="5">1</marc:subfield>
      <marc:subfield code="7">0</marc:subfield>
    </marc:datafield>
    <marc:datafield tag="852" ind1=" " ind2=" ">
      <marc:subfield code="a">105</marc:subfield>
      <marc:subfield code="b">693</marc:subfield>
      <marc:subfield code="e">1</marc:subfield>
      <marc:subfield code="i">PRI</marc:subfield>
      <marc:subfield code="k">DVD [PG13]</marc:subfield>
      <marc:subfield code="o">105</marc:subfield>
      <marc:subfield code="p">30183033246347</marc:subfield>
      <marc:subfield code="r">23</marc:subfield>
      <marc:subfield code="u">23</marc:subfield>
      <marc:subfield code="w">23</marc:subfield>
      <marc:subfield code="y">3</marc:subfield>
      <marc:subfield code="0">20.00</marc:subfield>
      <marc:subfield code="j">3</marc:subfield>
      <marc:subfield code="4">1</marc:subfield>
      <marc:subfield code="5">1</marc:subfield>
      <marc:subfield code="7">0</marc:subfield>
    </marc:datafield>
    <marc:datafield tag="852" ind1=" " ind2=" ">
      <marc:subfield code="a">687</marc:subfield>
      <marc:subfield code="b">239</marc:subfield>
      <marc:subfield code="d">342</marc:subfield>
      <marc:subfield code="e">1</marc:subfield>
      <marc:subfield code="i">PRI</marc:subfield>
      <marc:subfield code="k">DVD</marc:subfield>
      <marc:subfield code="o">687</marc:subfield>
      <marc:subfield code="p">33038000726118</marc:subfield>
      <marc:subfield code="r">23</marc:subfield>
      <marc:subfield code="u">23</marc:subfield>
      <marc:subfield code="w">23</marc:subfield>
      <marc:subfield code="y">1</marc:subfield>
      <marc:subfield code="0">20.00</marc:subfield>
      <marc:subfield code="j">3</marc:subfield>
      <marc:subfield code="4">1</marc:subfield>
      <marc:subfield code="5">1</marc:subfield>
      <marc:subfield code="7">1</marc:subfield>
    </marc:datafield>
    <marc:datafield tag="852" ind1=" " ind2=" ">
      <marc:subfield code="a">659</marc:subfield>
      <marc:subfield code="b">41</marc:subfield>
      <marc:subfield code="d">342</marc:subfield>
      <marc:subfield code="e">1</marc:subfield>
      <marc:subfield code="h">DVD</marc:subfield>
      <marc:subfield code="i">FIC</marc:subfield>
      <marc:subfield code="k">A</marc:subfield>
      <marc:subfield code="m">JAN</marc:subfield>
      <marc:subfield code="o">659</marc:subfield>
      <marc:subfield code="p">31787000088034</marc:subfield>
      <marc:subfield code="r">23</marc:subfield>
      <marc:subfield code="u">23</marc:subfield>
      <marc:subfield code="w">23</marc:subfield>
      <marc:subfield code="y">3</marc:subfield>
      <marc:subfield code="0">14.98</marc:subfield>
      <marc:subfield code="1">AMAZON</marc:subfield>
      <marc:subfield code="j">3</marc:subfield>
      <marc:subfield code="4">1</marc:subfield>
      <marc:subfield code="5">1</marc:subfield>
      <marc:subfield code="7">1</marc:subfield>
    </marc:datafield>
    <marc:datafield tag="852" ind1=" " ind2=" ">
      <marc:subfield code="a">274</marc:subfield>
      <marc:subfield code="b">41</marc:subfield>
      <marc:subfield code="e">1</marc:subfield>
      <marc:subfield code="i">PRI</marc:subfield>
      <marc:subfield code="k">DVD</marc:subfield>
      <marc:subfield code="o">274</marc:subfield>
      <marc:subfield code="p">0004400280782</marc:subfield>
      <marc:subfield code="r">23</marc:subfield>
      <marc:subfield code="u">23</marc:subfield>
      <marc:subfield code="w">23</marc:subfield>
      <marc:subfield code="y">2</marc:subfield>
      <marc:subfield code="j">3</marc:subfield>
      <marc:subfield code="4">1</marc:subfield>
      <marc:subfield code="5">1</marc:subfield>
      <marc:subfield code="7">0</marc:subfield>
    </marc:datafield>
    <marc:datafield tag="852" ind1=" " ind2=" ">
      <marc:subfield code="a">236</marc:subfield>
      <marc:subfield code="b">245</marc:subfield>
      <marc:subfield code="e">1</marc:subfield>
      <marc:subfield code="i">(AUSTEN)</marc:subfield>
      <marc:subfield code="k">DVD</marc:subfield>
      <marc:subfield code="m">PRIDE</marc:subfield>
      <marc:subfield code="o">236</marc:subfield>
      <marc:subfield code="p">0004200629212</marc:subfield>
      <marc:subfield code="r">23</marc:subfield>
      <marc:subfield code="u">23</marc:subfield>
      <marc:subfield code="w">23</marc:subfield>
      <marc:subfield code="y">2</marc:subfield>
      <marc:subfield code="0">15.99</marc:subfield>
      <marc:subfield code="j">3</marc:subfield>
      <marc:subfield code="4">1</marc:subfield>
      <marc:subfield code="5">1</marc:subfield>
      <marc:subfield code="7">0</marc:subfield>
    </marc:datafield>
    <marc:datafield tag="852" ind1=" " ind2=" ">
      <marc:subfield code="a">228</marc:subfield>
      <marc:subfield code="b">245</marc:subfield>
      <marc:subfield code="c">28</marc:subfield>
      <marc:subfield code="e">1</marc:subfield>
      <marc:subfield code="i">PRIDE</marc:subfield>
      <marc:subfield code="k">DVD</marc:subfield>
      <marc:subfield code="m">211444</marc:subfield>
      <marc:subfield code="o">228</marc:subfield>
      <marc:subfield code="p">0000802621813</marc:subfield>
      <marc:subfield code="r">23</marc:subfield>
      <marc:subfield code="u">23</marc:subfield>
      <marc:subfield code="w">23</marc:subfield>
      <marc:subfield code="y">2</marc:subfield>
      <marc:subfield code="0">14.98</marc:subfield>
      <marc:subfield code="j">3</marc:subfield>
      <marc:subfield code="4">1</marc:subfield>
      <marc:subfield code="5">1</marc:subfield>
      <marc:subfield code="7">0</marc:subfield>
    </marc:datafield>
    <marc:datafield tag="852" ind1=" " ind2=" ">
      <marc:subfield code="a">220</marc:subfield>
      <marc:subfield code="b">41</marc:subfield>
      <marc:subfield code="e">1</marc:subfield>
      <marc:subfield code="i">PRI</marc:subfield>
      <marc:subfield code="k">DVD</marc:subfield>
      <marc:subfield code="o">220</marc:subfield>
      <marc:subfield code="p">0002601225317</marc:subfield>
      <marc:subfield code="r">23</marc:subfield>
      <marc:subfield code="u">23</marc:subfield>
      <marc:subfield code="w">23</marc:subfield>
      <marc:subfield code="y">2</marc:subfield>
      <marc:subfield code="0">20.00</marc:subfield>
      <marc:subfield code="j">3</marc:subfield>
      <marc:subfield code="4">1</marc:subfield>
      <marc:subfield code="5">1</marc:subfield>
      <marc:subfield code="7">0</marc:subfield>
    </marc:datafield>
    <marc:datafield tag="979" ind1=" " ind2=" ">
      <marc:subfield code="a">AAM</marc:subfield>
      <marc:subfield code="b">65Xa Monologues with music, etc.</marc:subfield>
      <marc:subfield code="c">115</marc:subfield>
    </marc:datafield>
  </marc:record>