
  <marc:record xmlns:marc="http://www.loc.gov/MARC21/slim">
    <marc:leader>02871ngm a22005177a 4500</marc:leader>
    <marc:controlfield tag="001">13319519</marc:controlfield>
    <marc:controlfield tag="005">20100621105819.0</marc:controlfield>
    <marc:controlfield tag="008">100531s2008    xx 179            vleng d</marc:controlfield>
    <marc:datafield tag="040" ind1=" " ind2=" ">
      <marc:subfield code="a">ITJCU</marc:subfield>
      <marc:subfield code="c">ITJCU</marc:subfield>
    </marc:datafield>
    <marc:datafield tag="245" ind1="0" ind2="0">
      <marc:subfield code="a">Lost in Austen</marc:subfield>
      <marc:subfield code="h">[videorecording] /</marc:subfield>
      <marc:subfield code="c">a Mammoth Screen production for ITV1 supported by the Screen Yorkshire Production Fund ; produced by, Kate McKerrell ; written by Guy Andrews ; directed by Dan Zeff.</marc:subfield>
    </marc:datafield>
    <marc:datafield tag="260" ind1=" " ind2=" ">
      <marc:subfield code="a">[S.l.] :</marc:subfield>
      <marc:subfield code="b">Mammoth Screen production ;</marc:subfield>
      <marc:subfield code="b">Granada Ventures Limited (ITV) [distributor],</marc:subfield>
      <marc:subfield code="c">c2008.</marc:subfield>
    </marc:datafield>
    <marc:datafield tag="300" ind1=" " ind2=" ">
      <marc:subfield code="a">2 videodiscs (ca. 179 min.) :</marc:subfield>
      <marc:subfield code="b">sd., col. ;</marc:subfield>
      <marc:subfield code="c">4 3/4 in.</marc:subfield>
    </marc:datafield>
    <marc:datafield tag="500" ind1=" " ind2=" ">
      <marc:subfield code="a">Based on the novel "Pride and prejudice" by Jane Austen.</marc:subfield>
    </marc:datafield>
    <marc:datafield tag="500" ind1=" " ind2=" ">
      <marc:subfield code="a">Title from container.</marc:subfield>
    </marc:datafield>
    <marc:datafield tag="500" ind1=" " ind2=" ">
      <marc:subfield code="a">Special features: "Lost in Austen: behind the scenes:" featurette documenting the reinvention of Jane Austen's 'Pride and prejudice' and the making of the popular TV series (43 min.); cast &amp; crew interviews; behind-the-scenes footage; trailer.</marc:subfield>
    </marc:datafield>
    <marc:datafield tag="508" ind1=" " ind2=" ">
      <marc:subfield code="a">Composer, Christian Henson ; additional music, Simon Whiteside ;</marc:subfield>
    </marc:datafield>
    <marc:datafield tag="511" ind1="1" ind2=" ">
      <marc:subfield code="a">Jemima Rooper, Alex Kingston, Elliot Cowan, Hugh Bonneville, Gemma Arterton, Lindsay Duncan.</marc:subfield>
    </marc:datafield>
    <marc:datafield tag="520" ind1=" " ind2=" ">
      <marc:subfield code="a">Amanda Price gets propelled into the scheming 19th century world of Pride and Prejudice while the book's Elizabeth Bennet is hurled into hers. As the plot unfolds, Amanda triggers new romantic twists and turns as she tries to help the Bennet sisters nab husbands and even manages to captivate the tantalizing Mr. Darcy. But what about Elizabeth, and what will become of one of the world's greatest love stories?</marc:subfield>
    </marc:datafield>
    <marc:datafield tag="521" ind1=" " ind2=" ">
      <marc:subfield code="a">Not rated.</marc:subfield>
    </marc:datafield>
    <marc:datafield tag="534" ind1=" " ind2=" ">
      <marc:subfield code="p">Originally released as a television mini-series in:</marc:subfield>
      <marc:subfield code="c">2008.</marc:subfield>
    </marc:datafield>
    <marc:datafield tag="538" ind1=" " ind2=" ">
      <marc:subfield code="a">DVD, region 2, aspect ratio: 16:9, Dolby Digital stereo., NTSC.</marc:subfield>
    </marc:datafield>
    <marc:datafield tag="600" ind1="1" ind2="0">
      <marc:subfield code="a">Austen, Jane,</marc:subfield>
      <marc:subfield code="d">1775-1817.</marc:subfield>
      <marc:subfield code="t">Pride and prejudice</marc:subfield>
      <marc:subfield code="v">Drama.</marc:subfield>
    </marc:datafield>
    <marc:datafield tag="650" ind1=" " ind2="0">
      <marc:subfield code="a">Women heroes</marc:subfield>
      <marc:subfield code="z">England</marc:subfield>
      <marc:subfield code="v">Drama.</marc:subfield>
    </marc:datafield>
    <marc:datafield tag="650" ind1=" " ind2="0">
      <marc:subfield code="a">Man-woman relationships</marc:subfield>
      <marc:subfield code="z">England</marc:subfield>
      <marc:subfield code="v">Drama.</marc:subfield>
    </marc:datafield>
    <marc:datafield tag="650" ind1=" " ind2="0">
      <marc:subfield code="a">Bennet, Elizabeth (Fictitious character)</marc:subfield>
      <marc:subfield code="v">Drama.</marc:subfield>
    </marc:datafield>
    <marc:datafield tag="655" ind1=" " ind2="0">
      <marc:subfield code="a">Fantasy television programs.</marc:subfield>
    </marc:datafield>
    <marc:datafield tag="655" ind1=" " ind2="0">
      <marc:subfield code="a">Action and adventure television programs.</marc:subfield>
    </marc:datafield>
    <marc:datafield tag="655" ind1=" " ind2="0">
      <marc:subfield code="a">Romantic comedy television programs.</marc:subfield>
    </marc:datafield>
    <marc:datafield tag="655" ind1=" " ind2="0">
      <marc:subfield code="a">Television mini-series.</marc:subfield>
    </marc:datafield>
    <marc:datafield tag="655" ind1=" " ind2="0">
      <marc:subfield code="a">Fiction television programs.</marc:subfield>
    </marc:datafield>
    <marc:datafield tag="655" ind1=" " ind2="0">
      <marc:subfield code="a">Video recordings for the hearing impaired.</marc:subfield>
    </marc:datafield>
    <marc:datafield tag="700" ind1="1" ind2=" ">
      <marc:subfield code="a">McKerrell, Kate.</marc:subfield>
      <marc:subfield code="4">pro</marc:subfield>
    </marc:datafield>
    <marc:datafield tag="700" ind1="1" ind2=" ">
      <marc:subfield code="a">Andrews, Guy.</marc:subfield>
      <marc:subfield code="4">aus</marc:subfield>
    </marc:datafield>
    <marc:datafield tag="700" ind1="1" ind2=" ">
      <marc:subfield code="a">Zeff, Dan.</marc:subfield>
      <marc:subfield code="4">drt</marc:subfield>
    </marc:datafield>
    <marc:datafield tag="700" ind1="1" ind2=" ">
      <marc:subfield code="a">Rooper, Jemima.</marc:subfield>
      <marc:subfield code="4">act</marc:subfield>
    </marc:datafield>
    <marc:datafield tag="700" ind1="1" ind2=" ">
      <marc:subfield code="a">Kingston, Alex.</marc:subfield>
      <marc:subfield code="4">act</marc:subfield>
    </marc:datafield>
    <marc:datafield tag="700" ind1="1" ind2=" ">
      <marc:subfield code="a">Cowan, Elliot,</marc:subfield>
      <marc:subfield code="d">1976-</marc:subfield>
      <marc:subfield code="4">act</marc:subfield>
    </marc:datafield>
    <marc:datafield tag="700" ind1="1" ind2=" ">
      <marc:subfield code="a">Bonneville, Hugh.</marc:subfield>
      <marc:subfield code="4">act</marc:subfield>
    </marc:datafield>
    <marc:datafield tag="700" ind1="1" ind2=" ">
      <marc:subfield code="a">Arterton, Gemma.</marc:subfield>
      <marc:subfield code="4">act</marc:subfield>
    </marc:datafield>
    <marc:datafield tag="700" ind1="1" ind2=" ">
      <marc:subfield code="a">Duncan, Lindsay.</marc:subfield>
      <marc:subfield code="4">act</marc:subfield>
    </marc:datafield>
    <marc:datafield tag="700" ind1="1" ind2=" ">
      <marc:subfield code="a">Austen, Jane,</marc:subfield>
      <marc:subfield code="d">1775-1817.</marc:subfield>
      <marc:subfield code="t">Pride and prejudice.</marc:subfield>
    </marc:datafield>
    <marc:datafield tag="700" ind1="1" ind2=" ">
      <marc:subfield code="a">Henson, Christian,</marc:subfield>
      <marc:subfield code="d">1971-</marc:subfield>
      <marc:subfield code="4">cmp</marc:subfield>
    </marc:datafield>
    <marc:datafield tag="700" ind1="1" ind2=" ">
      <marc:subfield code="a">Whiteside, Simon.</marc:subfield>
    </marc:datafield>
    <marc:datafield tag="710" ind1="2" ind2=" ">
      <marc:subfield code="a">Mammoth Screen (Firm)</marc:subfield>
    </marc:datafield>
    <marc:datafield tag="710" ind1="2" ind2=" ">
      <marc:subfield code="a">ITV (Firm)</marc:subfield>
    </marc:datafield>
    <marc:datafield tag="979" ind1=" " ind2=" ">
      <marc:subfield code="a">AAM</marc:subfield>
      <marc:subfield code="b">65Xa Monologues with music, etc.</marc:subfield>
      <marc:subfield code="c">115</marc:subfield>
    </marc:datafield>
  </marc:record>