
  <marc:record>
    <marc:leader>04211cam a2200793 i 4500</marc:leader>
    <marc:controlfield tag="001">99161969555001452</marc:controlfield>
    <marc:controlfield tag="005">20231005004200.0</marc:controlfield>
    <marc:controlfield tag="008">151030s2016    ilu      b    001 0 eng c</marc:controlfield>
    <marc:datafield tag="010" ind1=" " ind2=" ">
      <marc:subfield code="a">  2015042766</marc:subfield>
    </marc:datafield>
    <marc:datafield tag="019" ind1=" " ind2=" ">
      <marc:subfield code="a">957649731</marc:subfield>
      <marc:subfield code="a">1102151164</marc:subfield>
    </marc:datafield>
    <marc:datafield tag="020" ind1=" " ind2=" ">
      <marc:subfield code="a">9780226140131</marc:subfield>
      <marc:subfield code="q">(cloth ;</marc:subfield>
      <marc:subfield code="q">alk. paper)</marc:subfield>
    </marc:datafield>
    <marc:datafield tag="020" ind1=" " ind2=" ">
      <marc:subfield code="a">022614013X</marc:subfield>
      <marc:subfield code="q">(cloth ;</marc:subfield>
      <marc:subfield code="q">alk. paper)</marc:subfield>
    </marc:datafield>
    <marc:datafield tag="020" ind1=" " ind2=" ">
      <marc:subfield code="z">9780226140278</marc:subfield>
      <marc:subfield code="q">(e-book)</marc:subfield>
    </marc:datafield>
    <marc:datafield tag="020" ind1=" " ind2=" ">
      <marc:subfield code="a">022614027X</marc:subfield>
    </marc:datafield>
    <marc:datafield tag="020" ind1=" " ind2=" ">
      <marc:subfield code="a">9780226140278</marc:subfield>
    </marc:datafield>
    <marc:datafield tag="020" ind1=" " ind2=" ">
      <marc:subfield code="a">9780226528748</marc:subfield>
    </marc:datafield>
    <marc:datafield tag="020" ind1=" " ind2=" ">
      <marc:subfield code="a">022652874X</marc:subfield>
    </marc:datafield>
    <marc:datafield tag="035" ind1=" " ind2=" ">
      <marc:subfield code="a">12823560</marc:subfield>
    </marc:datafield>
    <marc:datafield tag="035" ind1=" " ind2=" ">
      <marc:subfield code="a">(OCoLC)927619699</marc:subfield>
      <marc:subfield code="z">(OCoLC)957649731</marc:subfield>
      <marc:subfield code="z">(OCoLC)1102151164</marc:subfield>
    </marc:datafield>
    <marc:datafield tag="035" ind1=" " ind2=" ">
      <marc:subfield code="a">(OCoLC)ocn927619699</marc:subfield>
    </marc:datafield>
    <marc:datafield tag="035" ind1=" " ind2=" ">
      <marc:subfield code="a">(EXLNZ-01ALLIANCE_NETWORK)99322671198601451</marc:subfield>
    </marc:datafield>
    <marc:datafield tag="035" ind1=" " ind2=" ">
      <marc:subfield code="a">(01ALLIANCE_UW)99161969555001452</marc:subfield>
    </marc:datafield>
    <marc:datafield tag="037" ind1=" " ind2=" ">
      <marc:subfield code="b">Univ of Chicago Pr, Attn: John Kessler 11030 S Langley Ave, Chicago, IL, USA, 60628, (773)5681550</marc:subfield>
      <marc:subfield code="n">SAN 202-5280</marc:subfield>
    </marc:datafield>
    <marc:datafield tag="040" ind1=" " ind2=" ">
      <marc:subfield code="a">ICU/DLC</marc:subfield>
      <marc:subfield code="b">eng</marc:subfield>
      <marc:subfield code="e">rda</marc:subfield>
      <marc:subfield code="c">CGU</marc:subfield>
      <marc:subfield code="d">DLC</marc:subfield>
      <marc:subfield code="d">OCLCF</marc:subfield>
      <marc:subfield code="d">BDX</marc:subfield>
      <marc:subfield code="d">BTCTA</marc:subfield>
      <marc:subfield code="d">YDXCP</marc:subfield>
      <marc:subfield code="d">GK8</marc:subfield>
      <marc:subfield code="d">FM0</marc:subfield>
      <marc:subfield code="d">ON8</marc:subfield>
      <marc:subfield code="d">IGA</marc:subfield>
      <marc:subfield code="d">ILC</marc:subfield>
      <marc:subfield code="d">BKL</marc:subfield>
      <marc:subfield code="d">VTS</marc:subfield>
      <marc:subfield code="d">RB0</marc:subfield>
      <marc:subfield code="d">OCLCO</marc:subfield>
      <marc:subfield code="d">XFG</marc:subfield>
      <marc:subfield code="d">SFR</marc:subfield>
      <marc:subfield code="d">BYV</marc:subfield>
      <marc:subfield code="d">OCLCQ</marc:subfield>
      <marc:subfield code="d">QS5</marc:subfield>
      <marc:subfield code="d">OCLCQ</marc:subfield>
      <marc:subfield code="d">GO4</marc:subfield>
      <marc:subfield code="d">OCL</marc:subfield>
      <marc:subfield code="d">UTP</marc:subfield>
      <marc:subfield code="d">OCLCO</marc:subfield>
      <marc:subfield code="d">NZAUC</marc:subfield>
      <marc:subfield code="d">OCLCO</marc:subfield>
      <marc:subfield code="d">JZ6</marc:subfield>
      <marc:subfield code="d">ZQP</marc:subfield>
      <marc:subfield code="d">OCL</marc:subfield>
      <marc:subfield code="d">OCLCQ</marc:subfield>
      <marc:subfield code="d">OCLCO</marc:subfield>
      <marc:subfield code="d">CFU</marc:subfield>
      <marc:subfield code="d">OCLCO</marc:subfield>
      <marc:subfield code="d">EUW</marc:subfield>
    </marc:datafield>
    <marc:datafield tag="042" ind1=" " ind2=" ">
      <marc:subfield code="a">pcc</marc:subfield>
    </marc:datafield>
    <marc:datafield tag="049" ind1=" " ind2=" ">
      <marc:subfield code="a">MAIN</marc:subfield>
    </marc:datafield>
    <marc:datafield tag="050" ind1="0" ind2="0">
      <marc:subfield code="a">HV5072</marc:subfield>
      <marc:subfield code="b">.S9145 2016</marc:subfield>
    </marc:datafield>
    <marc:datafield tag="082" ind1="0" ind2="0">
      <marc:subfield code="a">362.292</marc:subfield>
      <marc:subfield code="2">23</marc:subfield>
    </marc:datafield>
    <marc:datafield tag="084" ind1=" " ind2=" ">
      <marc:subfield code="a">SEL006000</marc:subfield>
      <marc:subfield code="a">SEL029000</marc:subfield>
      <marc:subfield code="a">LCO000000</marc:subfield>
      <marc:subfield code="2">bisacsh</marc:subfield>
    </marc:datafield>
    <marc:datafield tag="100" ind1="1" ind2=" ">
      <marc:subfield code="a">Steinberg, Neil,</marc:subfield>
      <marc:subfield code="e">compiler.</marc:subfield>
    </marc:datafield>
    <marc:datafield tag="245" ind1="1" ind2="0">
      <marc:subfield code="a">Out of the wreck I rise :</marc:subfield>
      <marc:subfield code="b">a literary companion to recovery /</marc:subfield>
      <marc:subfield code="c">Neil Steinberg and Sara Bader.</marc:subfield>
    </marc:datafield>
    <marc:datafield tag="246" ind1="3" ind2=" ">
      <marc:subfield code="a">Literary companion to recovery</marc:subfield>
    </marc:datafield>
    <marc:datafield tag="264" ind1=" " ind2="1">
      <marc:subfield code="a">Chicago ;</marc:subfield>
      <marc:subfield code="a">London :</marc:subfield>
      <marc:subfield code="b">The University of Chicago Press,</marc:subfield>
      <marc:subfield code="c">2016.</marc:subfield>
    </marc:datafield>
    <marc:datafield tag="300" ind1=" " ind2=" ">
      <marc:subfield code="a">xiv, 281 pages ;</marc:subfield>
      <marc:subfield code="c">22 cm</marc:subfield>
    </marc:datafield>
    <marc:datafield tag="336" ind1=" " ind2=" ">
      <marc:subfield code="a">text</marc:subfield>
      <marc:subfield code="b">txt</marc:subfield>
      <marc:subfield code="2">rdacontent</marc:subfield>
    </marc:datafield>
    <marc:datafield tag="337" ind1=" " ind2=" ">
      <marc:subfield code="a">unmediated</marc:subfield>
      <marc:subfield code="b">n</marc:subfield>
      <marc:subfield code="2">rdamedia</marc:subfield>
    </marc:datafield>
    <marc:datafield tag="338" ind1=" " ind2=" ">
      <marc:subfield code="a">volume</marc:subfield>
      <marc:subfield code="b">nc</marc:subfield>
      <marc:subfield code="2">rdacarrier</marc:subfield>
    </marc:datafield>
    <marc:datafield tag="520" ind1=" " ind2=" ">
      <marc:subfield code="a">Addiction is easy to fall into and hard to escape. It destroys the lives of individuals, and has a devastating cost to society. Steinberg and Bader harness the power of literature, poetry, and creativity to illuminate what alcoholism and addiction are all about. Each chapter begins with advice and commentary followed by a wealth of quotes to inspire and heal. The result is a mosaic of observations and encouragement that draws on writers and artists spanning thousands of years.</marc:subfield>
    </marc:datafield>
    <marc:datafield tag="504" ind1=" " ind2=" ">
      <marc:subfield code="a">Includes bibliographical references and index.</marc:subfield>
    </marc:datafield>
    <marc:datafield tag="505" ind1="0" ind2="0">
      <marc:subfield code="t">Introduction: Why put it off? --</marc:subfield>
      <marc:subfield code="t">The best of life: the good times sour --</marc:subfield>
      <marc:subfield code="t">I don't want to do that: the end of the party --</marc:subfield>
      <marc:subfield code="t">The direction you least trust: making the leap --</marc:subfield>
      <marc:subfield code="t">Nothing to lose: early recovery --</marc:subfield>
      <marc:subfield code="t">Wait, for now: the importance of time --</marc:subfield>
      <marc:subfield code="t">Somewhere to go: Alcoholics Anonymous --</marc:subfield>
      <marc:subfield code="t">Shakespeare's child: family and friends --</marc:subfield>
      <marc:subfield code="t">Upon breach of my late vows: relapse --</marc:subfield>
      <marc:subfield code="t">Gravy: on life anew.</marc:subfield>
    </marc:datafield>
    <marc:datafield tag="650" ind1=" " ind2="0">
      <marc:subfield code="a">Alcoholism</marc:subfield>
      <marc:subfield code="v">Quotations, maxims, etc.</marc:subfield>
    </marc:datafield>
    <marc:datafield tag="650" ind1=" " ind2="0">
      <marc:subfield code="a">Alcoholism</marc:subfield>
      <marc:subfield code="x">Psychological aspects</marc:subfield>
      <marc:subfield code="v">Quotations, maxims, etc.</marc:subfield>
    </marc:datafield>
    <marc:datafield tag="650" ind1=" " ind2="0">
      <marc:subfield code="a">Alcoholism</marc:subfield>
      <marc:subfield code="x">Treatment</marc:subfield>
      <marc:subfield code="v">Quotations, maxims, etc.</marc:subfield>
    </marc:datafield>
    <marc:datafield tag="650" ind1=" " ind2="0">
      <marc:subfield code="a">Alcoholism</marc:subfield>
      <marc:subfield code="v">Miscellanea.</marc:subfield>
    </marc:datafield>
    <marc:datafield tag="650" ind1="1" ind2="2">
      <marc:subfield code="a">Mental Health Recovery.</marc:subfield>
    </marc:datafield>
    <marc:datafield tag="650" ind1="2" ind2="2">
      <marc:subfield code="a">Alcoholism</marc:subfield>
      <marc:subfield code="x">rehabilitation.</marc:subfield>
    </marc:datafield>
    <marc:datafield tag="650" ind1="2" ind2="2">
      <marc:subfield code="a">Psychiatry in Literature.</marc:subfield>
    </marc:datafield>
    <marc:datafield tag="650" ind1=" " ind2="6">
      <marc:subfield code="a">Alcoolisme</marc:subfield>
      <marc:subfield code="v">Citations, maximes, etc.</marc:subfield>
    </marc:datafield>
    <marc:datafield tag="650" ind1=" " ind2="6">
      <marc:subfield code="a">Alcoolisme</marc:subfield>
      <marc:subfield code="x">Aspect psychologique</marc:subfield>
      <marc:subfield code="v">Citations, maximes, etc.</marc:subfield>
    </marc:datafield>
    <marc:datafield tag="650" ind1=" " ind2="6">
      <marc:subfield code="a">Alcoolisme</marc:subfield>
      <marc:subfield code="x">Traitement</marc:subfield>
      <marc:subfield code="v">Citations, maximes, etc.</marc:subfield>
    </marc:datafield>
    <marc:datafield tag="650" ind1=" " ind2="6">
      <marc:subfield code="a">Alcoolisme</marc:subfield>
      <marc:subfield code="v">Miscellanées.</marc:subfield>
    </marc:datafield>
    <marc:datafield tag="650" ind1=" " ind2="7">
      <marc:subfield code="a">LITERARY COLLECTIONS.</marc:subfield>
      <marc:subfield code="2">bisacsh</marc:subfield>
    </marc:datafield>
    <marc:datafield tag="650" ind1=" " ind2="7">
      <marc:subfield code="a">SELF-HELP</marc:subfield>
      <marc:subfield code="x">Substance Abuse &amp; Addictions</marc:subfield>
      <marc:subfield code="x">Alcohol.</marc:subfield>
      <marc:subfield code="2">bisacsh</marc:subfield>
    </marc:datafield>
    <marc:datafield tag="650" ind1=" " ind2="7">
      <marc:subfield code="a">SELF-HELP</marc:subfield>
      <marc:subfield code="x">Twelve-Step Programs.</marc:subfield>
      <marc:subfield code="2">bisacsh</marc:subfield>
    </marc:datafield>
    <marc:datafield tag="650" ind1=" " ind2="7">
      <marc:subfield code="a">Alcoholism.</marc:subfield>
      <marc:subfield code="2">fast</marc:subfield>
      <marc:subfield code="0">(OCoLC)fst00804461</marc:subfield>
    </marc:datafield>
    <marc:datafield tag="650" ind1=" " ind2="7">
      <marc:subfield code="a">Alcoholism</marc:subfield>
      <marc:subfield code="x">Psychological aspects.</marc:subfield>
      <marc:subfield code="2">fast</marc:subfield>
      <marc:subfield code="0">(OCoLC)fst00804524</marc:subfield>
    </marc:datafield>
    <marc:datafield tag="650" ind1=" " ind2="7">
      <marc:subfield code="a">Alcoholism</marc:subfield>
      <marc:subfield code="x">Treatment.</marc:subfield>
      <marc:subfield code="2">fast</marc:subfield>
      <marc:subfield code="0">(OCoLC)fst00804565</marc:subfield>
    </marc:datafield>
    <marc:datafield tag="654" ind1=" " ind2=" ">
      <marc:subfield code="a">SELF-HELP / Substance Abuse &amp; Addictions / Alcohol^SELF-HELP / Substance Abuse &amp; Addictions / General^SELF-HELP / Twelve-Step Programs.</marc:subfield>
      <marc:subfield code="2">BISAC</marc:subfield>
    </marc:datafield>
    <marc:datafield tag="655" ind1=" " ind2="7">
      <marc:subfield code="a">miscellanies.</marc:subfield>
      <marc:subfield code="2">aat</marc:subfield>
    </marc:datafield>
    <marc:datafield tag="655" ind1=" " ind2="7">
      <marc:subfield code="a">quotations (texts)</marc:subfield>
      <marc:subfield code="2">aat</marc:subfield>
    </marc:datafield>
    <marc:datafield tag="655" ind1=" " ind2="7">
      <marc:subfield code="a">Trivia and miscellanea.</marc:subfield>
      <marc:subfield code="2">fast</marc:subfield>
      <marc:subfield code="0">(OCoLC)fst01921748</marc:subfield>
    </marc:datafield>
    <marc:datafield tag="655" ind1=" " ind2="7">
      <marc:subfield code="a">Quotations.</marc:subfield>
      <marc:subfield code="2">fast</marc:subfield>
      <marc:subfield code="0">(OCoLC)fst01423792</marc:subfield>
    </marc:datafield>
    <marc:datafield tag="655" ind1=" " ind2="7">
      <marc:subfield code="a">Trivia and miscellanea.</marc:subfield>
      <marc:subfield code="2">lcgft</marc:subfield>
    </marc:datafield>
    <marc:datafield tag="655" ind1=" " ind2="7">
      <marc:subfield code="a">Quotations.</marc:subfield>
      <marc:subfield code="2">lcgft</marc:subfield>
    </marc:datafield>
    <marc:datafield tag="655" ind1=" " ind2="7">
      <marc:subfield code="a">Miscellanées.</marc:subfield>
      <marc:subfield code="2">rvmgf</marc:subfield>
    </marc:datafield>
    <marc:datafield tag="655" ind1=" " ind2="7">
      <marc:subfield code="a">Citations.</marc:subfield>
      <marc:subfield code="2">rvmgf</marc:subfield>
    </marc:datafield>
    <marc:datafield tag="700" ind1="1" ind2=" ">
      <marc:subfield code="a">Bader, Sara,</marc:subfield>
      <marc:subfield code="e">compiler.</marc:subfield>
    </marc:datafield>
    <marc:datafield tag="973" ind1=" " ind2=" ">
      <marc:subfield code="a">pbooks</marc:subfield>
    </marc:datafield>
    <marc:datafield tag="994" ind1=" " ind2=" ">
      <marc:subfield code="a">92</marc:subfield>
      <marc:subfield code="b">OCACL</marc:subfield>
    </marc:datafield>
    <marc:datafield tag="979" ind1=" " ind2=" ">
      <marc:subfield code="a">AAM</marc:subfield>
    </marc:datafield>
  </marc:record>