
  <marc:record>
    <marc:leader>05025cam a2201033 i 4500</marc:leader>
    <marc:controlfield tag="001">99149469340001452</marc:controlfield>
    <marc:controlfield tag="005">20240205213016.0</marc:controlfield>
    <marc:controlfield tag="008">160905s2007    ko a   j      000 0 kor d</marc:controlfield>
    <marc:datafield tag="020" ind1=" " ind2=" ">
      <marc:subfield code="a">9788939520509</marc:subfield>
    </marc:datafield>
    <marc:datafield tag="020" ind1=" " ind2=" ">
      <marc:subfield code="a">8939520505</marc:subfield>
    </marc:datafield>
    <marc:datafield tag="035" ind1=" " ind2=" ">
      <marc:subfield code="a">(OCoLC)957733211</marc:subfield>
    </marc:datafield>
    <marc:datafield tag="035" ind1=" " ind2=" ">
      <marc:subfield code="a">(OCoLC)ocn957733211</marc:subfield>
    </marc:datafield>
    <marc:datafield tag="035" ind1=" " ind2=" ">
      <marc:subfield code="a">(EXLNZ-01ALLIANCE_NETWORK)99322543864301451</marc:subfield>
    </marc:datafield>
    <marc:datafield tag="035" ind1=" " ind2=" ">
      <marc:subfield code="a">(01ALLIANCE_UW)99149469340001452</marc:subfield>
    </marc:datafield>
    <marc:datafield tag="040" ind1=" " ind2=" ">
      <marc:subfield code="a">WAU</marc:subfield>
      <marc:subfield code="b">eng</marc:subfield>
      <marc:subfield code="e">rda</marc:subfield>
      <marc:subfield code="c">WAU</marc:subfield>
      <marc:subfield code="d">OCLCO</marc:subfield>
      <marc:subfield code="d">WAU</marc:subfield>
      <marc:subfield code="d">OCLCO</marc:subfield>
      <marc:subfield code="d">OCLCF</marc:subfield>
      <marc:subfield code="d">OCLCA</marc:subfield>
      <marc:subfield code="d">OCL</marc:subfield>
      <marc:subfield code="d">OCLCO</marc:subfield>
      <marc:subfield code="d">OCLCA</marc:subfield>
      <marc:subfield code="d">OCLCO</marc:subfield>
      <marc:subfield code="d">OCLCL</marc:subfield>
      <marc:subfield code="d">OCLCQ</marc:subfield>
    </marc:datafield>
    <marc:datafield tag="041" ind1="1" ind2=" ">
      <marc:subfield code="a">kor</marc:subfield>
      <marc:subfield code="h">eng</marc:subfield>
    </marc:datafield>
    <marc:datafield tag="043" ind1=" " ind2=" ">
      <marc:subfield code="a">e-it---</marc:subfield>
      <marc:subfield code="a">e-gr---</marc:subfield>
    </marc:datafield>
    <marc:datafield tag="049" ind1=" " ind2=" ">
      <marc:subfield code="a">MAIN</marc:subfield>
    </marc:datafield>
    <marc:datafield tag="050" ind1=" " ind2="4">
      <marc:subfield code="a">PR2796.K62</marc:subfield>
      <marc:subfield code="b">Y48 2007</marc:subfield>
    </marc:datafield>
    <marc:datafield tag="066" ind1=" " ind2=" ">
      <marc:subfield code="c">$1</marc:subfield>
    </marc:datafield>
    <marc:datafield tag="100" ind1="1" ind2=" ">
      <marc:subfield code="a">Shakespeare, William,</marc:subfield>
      <marc:subfield code="d">1564-1616,</marc:subfield>
      <marc:subfield code="e">author.</marc:subfield>
      <marc:subfield code="1">https://id.oclc.org/worldcat/entity/E39PBJxx96qPfyhwWrJChP9kXd</marc:subfield>
    </marc:datafield>
    <marc:datafield tag="240" ind1="1" ind2="0">
      <marc:subfield code="a">Romeo and Juliet.</marc:subfield>
      <marc:subfield code="l">Korean</marc:subfield>
    </marc:datafield>
    <marc:datafield tag="245" ind1="1" ind2="0">
      <marc:subfield code="6">880-01</marc:subfield>
      <marc:subfield code="a">Romio wa Chulliet :</marc:subfield>
      <marc:subfield code="b">saero ssŭn Syeiksŭp'iŏ myŏngjaksŏn = Romeo and Juliet /</marc:subfield>
      <marc:subfield code="c">kŭl Williŏm Syeiksŭp'iŏ ; yŏkkŏ omgim Yi Chae-myŏng ; kŭrim Andŭrea P'ise.</marc:subfield>
    </marc:datafield>
    <marc:datafield tag="880" ind1="1" ind2="0">
      <marc:subfield code="6">245-01/$1</marc:subfield>
      <marc:subfield code="a">로미오 와 줄리엣 :</marc:subfield>
      <marc:subfield code="b">새로 쓴 셰익스피어 명작선 = Romeo and Juliet /</marc:subfield>
      <marc:subfield code="c">글 윌리엄 셰익스피어 ; 엮어 옮김 이 재명 ; 그림 안드레아 피세.</marc:subfield>
    </marc:datafield>
    <marc:datafield tag="246" ind1="3" ind2="1">
      <marc:subfield code="a">Romeo and Juliet</marc:subfield>
    </marc:datafield>
    <marc:datafield tag="250" ind1=" " ind2=" ">
      <marc:subfield code="6">880-02</marc:subfield>
      <marc:subfield code="a">Ch'op'an.</marc:subfield>
    </marc:datafield>
    <marc:datafield tag="880" ind1=" " ind2=" ">
      <marc:subfield code="6">250-02/$1</marc:subfield>
      <marc:subfield code="a">초판.</marc:subfield>
    </marc:datafield>
    <marc:datafield tag="264" ind1=" " ind2="1">
      <marc:subfield code="6">880-03</marc:subfield>
      <marc:subfield code="a">Sŏul-si :</marc:subfield>
      <marc:subfield code="b">Taegyo Ch'ulp'an,</marc:subfield>
      <marc:subfield code="c">2007.</marc:subfield>
    </marc:datafield>
    <marc:datafield tag="880" ind1=" " ind2="1">
      <marc:subfield code="6">264-03/$1</marc:subfield>
      <marc:subfield code="a">서울시 :</marc:subfield>
      <marc:subfield code="b">대교 출판,</marc:subfield>
      <marc:subfield code="c">2007.</marc:subfield>
    </marc:datafield>
    <marc:datafield tag="300" ind1=" " ind2=" ">
      <marc:subfield code="a">314 pages :</marc:subfield>
      <marc:subfield code="b">color illustrations ;</marc:subfield>
      <marc:subfield code="c">23 cm.</marc:subfield>
    </marc:datafield>
    <marc:datafield tag="336" ind1=" " ind2=" ">
      <marc:subfield code="a">text</marc:subfield>
      <marc:subfield code="b">txt</marc:subfield>
      <marc:subfield code="2">rdacontent</marc:subfield>
    </marc:datafield>
    <marc:datafield tag="337" ind1=" " ind2=" ">
      <marc:subfield code="a">unmediated</marc:subfield>
      <marc:subfield code="b">n</marc:subfield>
      <marc:subfield code="2">rdamedia</marc:subfield>
    </marc:datafield>
    <marc:datafield tag="338" ind1=" " ind2=" ">
      <marc:subfield code="a">volume</marc:subfield>
      <marc:subfield code="b">nc</marc:subfield>
      <marc:subfield code="2">rdacarrier</marc:subfield>
    </marc:datafield>
    <marc:datafield tag="490" ind1="1" ind2=" ">
      <marc:subfield code="6">880-04</marc:subfield>
      <marc:subfield code="a">Nun nop'i classic ;</marc:subfield>
      <marc:subfield code="v">25</marc:subfield>
    </marc:datafield>
    <marc:datafield tag="880" ind1="1" ind2=" ">
      <marc:subfield code="6">490-04/$1</marc:subfield>
      <marc:subfield code="a">눈 높이 classic ;</marc:subfield>
      <marc:subfield code="v">25</marc:subfield>
    </marc:datafield>
    <marc:datafield tag="546" ind1=" " ind2=" ">
      <marc:subfield code="a">In Korean.</marc:subfield>
    </marc:datafield>
    <marc:datafield tag="505" ind1="0" ind2=" ">
      <marc:subfield code="6">880-05</marc:subfield>
      <marc:subfield code="a">Romio wa Chulliet = Romeo and Juliet -- Haemlit = Hamlet -- Han yŏrŭm pam ŭi kkum = The midsummer night's dream -- T'aep'ung = The tempest.</marc:subfield>
    </marc:datafield>
    <marc:datafield tag="880" ind1="0" ind2=" ">
      <marc:subfield code="6">505-05/$1</marc:subfield>
      <marc:subfield code="a">로미오 와 줄리엣 = Romeo and Juliet -- 햄릿 = Hamlet -- 한 여름 밤 의 꿈 = The midsummer night's dream -- 태풍 = The tempest.</marc:subfield>
    </marc:datafield>
    <marc:datafield tag="650" ind1=" " ind2="0">
      <marc:subfield code="a">Man-woman relationships</marc:subfield>
      <marc:subfield code="v">Juvenile drama.</marc:subfield>
    </marc:datafield>
    <marc:datafield tag="650" ind1=" " ind2="0">
      <marc:subfield code="a">Courtship</marc:subfield>
      <marc:subfield code="v">Juvenile drama.</marc:subfield>
    </marc:datafield>
    <marc:datafield tag="650" ind1=" " ind2="0">
      <marc:subfield code="a">Fathers and daughters</marc:subfield>
      <marc:subfield code="v">Juvenile drama.</marc:subfield>
    </marc:datafield>
    <marc:datafield tag="650" ind1=" " ind2="0">
      <marc:subfield code="a">Political refugees</marc:subfield>
      <marc:subfield code="v">Juvenile drama.</marc:subfield>
    </marc:datafield>
    <marc:datafield tag="650" ind1=" " ind2="0">
      <marc:subfield code="a">Shipwreck victims</marc:subfield>
      <marc:subfield code="v">Juvenile drama.</marc:subfield>
    </marc:datafield>
    <marc:datafield tag="650" ind1=" " ind2="0">
      <marc:subfield code="a">Magicians</marc:subfield>
      <marc:subfield code="v">Juvenile drama.</marc:subfield>
    </marc:datafield>
    <marc:datafield tag="650" ind1=" " ind2="0">
      <marc:subfield code="a">Islands</marc:subfield>
      <marc:subfield code="v">Juvenile drama.</marc:subfield>
    </marc:datafield>
    <marc:datafield tag="650" ind1=" " ind2="0">
      <marc:subfield code="a">Spirits</marc:subfield>
      <marc:subfield code="v">Juvenile drama.</marc:subfield>
    </marc:datafield>
    <marc:datafield tag="650" ind1=" " ind2="7">
      <marc:subfield code="a">Courtship.</marc:subfield>
      <marc:subfield code="2">fast</marc:subfield>
      <marc:subfield code="0">(OCoLC)fst00881873</marc:subfield>
    </marc:datafield>
    <marc:datafield tag="650" ind1=" " ind2="7">
      <marc:subfield code="a">Fathers and daughters.</marc:subfield>
      <marc:subfield code="2">fast</marc:subfield>
      <marc:subfield code="0">(OCoLC)fst00921890</marc:subfield>
    </marc:datafield>
    <marc:datafield tag="650" ind1=" " ind2="7">
      <marc:subfield code="a">Islands.</marc:subfield>
      <marc:subfield code="2">fast</marc:subfield>
      <marc:subfield code="0">(OCoLC)fst00980104</marc:subfield>
    </marc:datafield>
    <marc:datafield tag="650" ind1=" " ind2="7">
      <marc:subfield code="a">Magicians.</marc:subfield>
      <marc:subfield code="2">fast</marc:subfield>
      <marc:subfield code="0">(OCoLC)fst01005551</marc:subfield>
    </marc:datafield>
    <marc:datafield tag="650" ind1=" " ind2="7">
      <marc:subfield code="a">Man-woman relationships.</marc:subfield>
      <marc:subfield code="2">fast</marc:subfield>
      <marc:subfield code="0">(OCoLC)fst01007080</marc:subfield>
    </marc:datafield>
    <marc:datafield tag="650" ind1=" " ind2="7">
      <marc:subfield code="a">Political refugees.</marc:subfield>
      <marc:subfield code="2">fast</marc:subfield>
      <marc:subfield code="0">(OCoLC)fst01069678</marc:subfield>
    </marc:datafield>
    <marc:datafield tag="650" ind1=" " ind2="7">
      <marc:subfield code="a">Shipwreck victims.</marc:subfield>
      <marc:subfield code="2">fast</marc:subfield>
      <marc:subfield code="0">(OCoLC)fst01116637</marc:subfield>
    </marc:datafield>
    <marc:datafield tag="650" ind1=" " ind2="7">
      <marc:subfield code="a">Spirits.</marc:subfield>
      <marc:subfield code="2">fast</marc:subfield>
      <marc:subfield code="0">(OCoLC)fst01130061</marc:subfield>
    </marc:datafield>
    <marc:datafield tag="651" ind1=" " ind2="0">
      <marc:subfield code="a">Verona (Italy)</marc:subfield>
      <marc:subfield code="v">Juvenile drama.</marc:subfield>
    </marc:datafield>
    <marc:datafield tag="651" ind1=" " ind2="0">
      <marc:subfield code="a">Athens (Greece)</marc:subfield>
      <marc:subfield code="v">Juvenile drama.</marc:subfield>
    </marc:datafield>
    <marc:datafield tag="651" ind1=" " ind2="7">
      <marc:subfield code="a">Greece</marc:subfield>
      <marc:subfield code="z">Athens.</marc:subfield>
      <marc:subfield code="2">fast</marc:subfield>
      <marc:subfield code="0">(OCoLC)fst01204474</marc:subfield>
      <marc:subfield code="1">https://id.oclc.org/worldcat/entity/E39PBJyCyjWmm7b6fkX6kQQXh3</marc:subfield>
    </marc:datafield>
    <marc:datafield tag="651" ind1=" " ind2="7">
      <marc:subfield code="a">Italy</marc:subfield>
      <marc:subfield code="z">Verona.</marc:subfield>
      <marc:subfield code="2">fast</marc:subfield>
      <marc:subfield code="0">(OCoLC)fst01204568</marc:subfield>
      <marc:subfield code="1">https://id.oclc.org/worldcat/entity/E39QbtfRxD7gHXKHQPcbR9hW9c</marc:subfield>
    </marc:datafield>
    <marc:datafield tag="655" ind1=" " ind2="7">
      <marc:subfield code="a">Drama.</marc:subfield>
      <marc:subfield code="2">fast</marc:subfield>
      <marc:subfield code="0">(OCoLC)fst01423879</marc:subfield>
    </marc:datafield>
    <marc:datafield tag="655" ind1=" " ind2="7">
      <marc:subfield code="a">Juvenile works.</marc:subfield>
      <marc:subfield code="2">fast</marc:subfield>
      <marc:subfield code="0">(OCoLC)fst01411637</marc:subfield>
    </marc:datafield>
    <marc:datafield tag="655" ind1=" " ind2="7">
      <marc:subfield code="a">Translations.</marc:subfield>
      <marc:subfield code="2">fast</marc:subfield>
      <marc:subfield code="0">(OCoLC)fst01423791</marc:subfield>
    </marc:datafield>
    <marc:datafield tag="655" ind1=" " ind2="7">
      <marc:subfield code="a">Drama.</marc:subfield>
      <marc:subfield code="2">lcgft</marc:subfield>
    </marc:datafield>
    <marc:datafield tag="655" ind1=" " ind2="7">
      <marc:subfield code="a">Théâtre.</marc:subfield>
      <marc:subfield code="2">rvmgf</marc:subfield>
    </marc:datafield>
    <marc:datafield tag="600" ind1="1" ind2="0">
      <marc:subfield code="a">Shakespeare, William,</marc:subfield>
      <marc:subfield code="d">1564-1616</marc:subfield>
      <marc:subfield code="x">Translations into Korean.</marc:subfield>
    </marc:datafield>
    <marc:datafield tag="600" ind1="1" ind2="0">
      <marc:subfield code="a">Shakespeare, William,</marc:subfield>
      <marc:subfield code="d">1564-1616</marc:subfield>
      <marc:subfield code="v">Juvenile drama.</marc:subfield>
    </marc:datafield>
    <marc:datafield tag="600" ind1="0" ind2="0">
      <marc:subfield code="a">Romeo</marc:subfield>
      <marc:subfield code="c">(Fictitious character)</marc:subfield>
      <marc:subfield code="v">Juvenile drama.</marc:subfield>
    </marc:datafield>
    <marc:datafield tag="600" ind1="0" ind2="0">
      <marc:subfield code="a">Juliet</marc:subfield>
      <marc:subfield code="c">(Fictitious character)</marc:subfield>
      <marc:subfield code="v">Juvenile drama.</marc:subfield>
    </marc:datafield>
    <marc:datafield tag="600" ind1="0" ind2="0">
      <marc:subfield code="a">Hamlet</marc:subfield>
      <marc:subfield code="c">(Legendary character)</marc:subfield>
      <marc:subfield code="v">Juvenile drama.</marc:subfield>
    </marc:datafield>
    <marc:datafield tag="600" ind1="0" ind2="7">
      <marc:subfield code="a">Hamlet</marc:subfield>
      <marc:subfield code="c">(Legendary character)</marc:subfield>
      <marc:subfield code="2">fast</marc:subfield>
      <marc:subfield code="0">(OCoLC)fst00950776</marc:subfield>
    </marc:datafield>
    <marc:datafield tag="600" ind1="0" ind2="7">
      <marc:subfield code="a">Juliet</marc:subfield>
      <marc:subfield code="c">(Fictitious character)</marc:subfield>
      <marc:subfield code="2">fast</marc:subfield>
      <marc:subfield code="0">(OCoLC)fst00984804</marc:subfield>
    </marc:datafield>
    <marc:datafield tag="600" ind1="0" ind2="7">
      <marc:subfield code="a">Romeo</marc:subfield>
      <marc:subfield code="c">(Fictitious character)</marc:subfield>
      <marc:subfield code="2">fast</marc:subfield>
      <marc:subfield code="0">(OCoLC)fst01100152</marc:subfield>
    </marc:datafield>
    <marc:datafield tag="600" ind1="1" ind2="7">
      <marc:subfield code="a">Shakespeare, William,</marc:subfield>
      <marc:subfield code="d">1564-1616</marc:subfield>
      <marc:subfield code="2">fast</marc:subfield>
      <marc:subfield code="0">(OCoLC)fst00029048</marc:subfield>
      <marc:subfield code="1">https://id.oclc.org/worldcat/entity/E39PBJxx96qPfyhwWrJChP9kXd</marc:subfield>
    </marc:datafield>
    <marc:datafield tag="740" ind1="0" ind2="2">
      <marc:subfield code="6">880-07</marc:subfield>
      <marc:subfield code="a">Haemlit.</marc:subfield>
    </marc:datafield>
    <marc:datafield tag="880" ind1="0" ind2="2">
      <marc:subfield code="6">740-07/$1</marc:subfield>
      <marc:subfield code="a">햄릿.</marc:subfield>
    </marc:datafield>
    <marc:datafield tag="740" ind1="0" ind2="2">
      <marc:subfield code="6">880-08</marc:subfield>
      <marc:subfield code="a">Han yŏrŭm pam ŭi kkum.</marc:subfield>
    </marc:datafield>
    <marc:datafield tag="880" ind1="0" ind2="2">
      <marc:subfield code="6">740-08/$1</marc:subfield>
      <marc:subfield code="a">한 여름 밤 의 꿈.</marc:subfield>
    </marc:datafield>
    <marc:datafield tag="740" ind1="0" ind2="2">
      <marc:subfield code="6">880-09</marc:subfield>
      <marc:subfield code="a">T'aep'ung.</marc:subfield>
    </marc:datafield>
    <marc:datafield tag="880" ind1="0" ind2="2">
      <marc:subfield code="6">740-09/$1</marc:subfield>
      <marc:subfield code="a">태풍.</marc:subfield>
    </marc:datafield>
    <marc:datafield tag="700" ind1="1" ind2=" ">
      <marc:subfield code="6">880-06</marc:subfield>
      <marc:subfield code="a">Yi, Chae-myŏng,</marc:subfield>
      <marc:subfield code="e">compiler,</marc:subfield>
      <marc:subfield code="e">translator.</marc:subfield>
    </marc:datafield>
    <marc:datafield tag="880" ind1="1" ind2=" ">
      <marc:subfield code="6">700-06/$1</marc:subfield>
      <marc:subfield code="a">이 재명,</marc:subfield>
      <marc:subfield code="e">compiler,</marc:subfield>
      <marc:subfield code="e">translator.</marc:subfield>
    </marc:datafield>
    <marc:datafield tag="700" ind1="1" ind2=" ">
      <marc:subfield code="a">Piše, Andrea,</marc:subfield>
      <marc:subfield code="e">illustrator.</marc:subfield>
    </marc:datafield>
    <marc:datafield tag="700" ind1="1" ind2="2">
      <marc:subfield code="a">Shakespeare, William,</marc:subfield>
      <marc:subfield code="d">1564-1616.</marc:subfield>
      <marc:subfield code="t">Romeo and Juliet.</marc:subfield>
      <marc:subfield code="l">Korean.</marc:subfield>
    </marc:datafield>
    <marc:datafield tag="700" ind1="1" ind2="2">
      <marc:subfield code="a">Shakespeare, William,</marc:subfield>
      <marc:subfield code="d">1564-1616.</marc:subfield>
      <marc:subfield code="t">Hamlet.</marc:subfield>
      <marc:subfield code="l">Korean.</marc:subfield>
    </marc:datafield>
    <marc:datafield tag="700" ind1="1" ind2="2">
      <marc:subfield code="a">Shakespeare, William,</marc:subfield>
      <marc:subfield code="d">1564-1616.</marc:subfield>
      <marc:subfield code="t">Mdsummer night's dream.</marc:subfield>
      <marc:subfield code="l">Korean.</marc:subfield>
    </marc:datafield>
    <marc:datafield tag="700" ind1="1" ind2="2">
      <marc:subfield code="a">Shakespeare, William,</marc:subfield>
      <marc:subfield code="d">1564-1616.</marc:subfield>
      <marc:subfield code="t">Tempest.</marc:subfield>
      <marc:subfield code="l">Korean.</marc:subfield>
    </marc:datafield>
    <marc:datafield tag="830" ind1=" " ind2="0">
      <marc:subfield code="6">880-10</marc:subfield>
      <marc:subfield code="a">Nun nop'i classic ;</marc:subfield>
      <marc:subfield code="v">25.</marc:subfield>
    </marc:datafield>
    <marc:datafield tag="880" ind1=" " ind2="0">
      <marc:subfield code="6">830-10/$1</marc:subfield>
      <marc:subfield code="a">눈 높이 classic ;</marc:subfield>
      <marc:subfield code="v">25.</marc:subfield>
    </marc:datafield>
    <marc:datafield tag="973" ind1=" " ind2=" ">
      <marc:subfield code="a">pbooks</marc:subfield>
    </marc:datafield>
    <marc:datafield tag="994" ind1=" " ind2=" ">
      <marc:subfield code="a">92</marc:subfield>
      <marc:subfield code="b">OCACL</marc:subfield>
    </marc:datafield>
    <marc:datafield tag="979" ind1=" " ind2=" ">
      <marc:subfield code="a">AAM</marc:subfield>
    </marc:datafield>
  </marc:record>
</marc:collection>
